<record><leader>00000cas a22000007a 4500</leader><controlfield tag="001">8839319</controlfield><controlfield tag="008">821007d19771982mnuwr ne      0    0eng d</controlfield><datafield ind1=" " ind2=" " tag="010"><subfield code="a">sn 83045787 </subfield></datafield><datafield ind1=" " ind2=" " tag="040"><subfield code="a">CRL</subfield><subfield code="b">eng</subfield><subfield code="c">CRL</subfield><subfield code="d">NPW</subfield><subfield code="d">OCL</subfield><subfield code="d">MN#</subfield><subfield code="d">CRL</subfield><subfield code="d">NVF</subfield><subfield code="d">OCLCQ</subfield><subfield code="d">OCLCF</subfield><subfield code="d">OCLCO</subfield></datafield><datafield ind1="1" ind2=" " tag="029"><subfield code="a">AU@</subfield><subfield code="b">000025818082</subfield></datafield><datafield ind1=" " ind2=" " tag="042"><subfield code="a">msc</subfield></datafield><datafield ind1=" " ind2=" " tag="043"><subfield code="a">n-us-mn</subfield></datafield><datafield ind1=" " ind2=" " tag="052"><subfield code="a">4144</subfield><subfield code="b">M5</subfield></datafield><datafield ind1="0" ind2=" " tag="130"><subfield code="a">Minneapolis tribune (Minneapolis, Minn. : 1977)</subfield></datafield><datafield ind1="0" ind2="0" tag="245"><subfield code="a">Minneapolis tribune.</subfield></datafield><datafield ind1=" " ind2=" " tag="260"><subfield code="a">Minneapolis, Minn. :</subfield><subfield code="b">Minneapolis Star and Tribune Co.,</subfield><subfield code="c">1977-1982.</subfield></datafield><datafield ind1=" " ind2=" " tag="300"><subfield code="a">v.</subfield></datafield><datafield ind1=" " ind2=" " tag="310"><subfield code="a">Weekly</subfield></datafield><datafield ind1="0" ind2=" " tag="362"><subfield code="a">Vol. 1, no. 1 (Aug. 27, 1977)-v. 6, no. 7 (Oct. 9, 1982).</subfield></datafield><datafield ind1=" " ind2=" " tag="530"><subfield code="a">Available on microfilm from the Minnesota Historical Society.</subfield></datafield><datafield ind1=" " ind2=" " tag="580"><subfield code="a">Other weekly ed.: Minneapolis tribune (Minneapolis, Minn. : 1982), 1982.</subfield></datafield><datafield ind1=" " ind2="0" tag="651"><subfield code="a">Minneapolis (Minn.)</subfield><subfield code="v">Newspapers.</subfield></datafield><datafield ind1=" " ind2="7" tag="655"><subfield code="a">Newspapers.</subfield><subfield code="2">fast</subfield><subfield code="0">(OCoLC)fst01423814</subfield></datafield><datafield ind1=" " ind2="7" tag="651"><subfield code="a">Minnesota</subfield><subfield code="z">Minneapolis.</subfield><subfield code="2">fast</subfield><subfield code="0">(OCoLC)fst01204260</subfield></datafield><datafield ind1=" " ind2=" " tag="752"><subfield code="a">United States</subfield><subfield code="b">Minnesota</subfield><subfield code="c">Hennepin</subfield><subfield code="d">Minneapolis.</subfield></datafield><datafield ind1="0" ind2=" " tag="775"><subfield code="t">Minneapolis tribune (Minneapolis, Minn. : 1964)</subfield><subfield code="w">(DLC)sn 83016774</subfield><subfield code="w">(OCoLC)10110807</subfield></datafield><datafield ind1="1" ind2=" " tag="775"><subfield code="t">Minneapolis tribune (Minneapolis, Minn. : 1982)</subfield><subfield code="w">(DLC)sn 90057518</subfield></datafield><datafield ind1="0" ind2=" " tag="775"><subfield code="t">Minneapolis star and tribune</subfield><subfield code="w">(DLC)sn 81017091</subfield><subfield code="w">(OCoLC)8336878</subfield></datafield><datafield ind1=" " ind2=" " tag="936"><subfield code="a">Jan. 2, 1982</subfield></datafield></record>